<collection xmlns="http://www.loc.gov/MARC21/slim">
   <record>
      <leader>02252cam a2200481 i 4500</leader>
      <controlfield tag="001">6710623</controlfield>
      <controlfield tag="003">CaONFJC</controlfield>
      <controlfield tag="005">20141003102507.0</controlfield>
      <controlfield tag="006">m        d        </controlfield>
      <controlfield tag="007">cr |n|||||||||</controlfield>
      <controlfield tag="008">140225s2015    nyu     ob    001 0 eng d</controlfield>
      <datafield ind1=" " ind2=" " tag="020">
         <subfield code="a">082613467X</subfield>
      </datafield>
      <datafield ind1=" " ind2=" " tag="020">
         <subfield code="a">9780826134677</subfield>
      </datafield>
      <datafield ind1=" " ind2=" " tag="020">
         <subfield code="a">9780826134684 (e-book)</subfield>
      </datafield>
      <datafield ind1=" " ind2=" " tag="020">
         <subfield code="a">9781306988230 (MyiLibrary)</subfield>
      </datafield>
      <datafield ind1=" " ind2=" " tag="037">
         <subfield code="a">630074</subfield>
         <subfield code="b">MIL</subfield>
      </datafield>
      <datafield ind1=" " ind2=" " tag="039">
         <subfield code="a">exclude</subfield>
      </datafield>
      <datafield ind1=" " ind2=" " tag="040">
         <subfield code="a">CaONFJC</subfield>
         <subfield code="c">CaONFJC</subfield>
         <subfield code="e">rda</subfield>
         <subfield code="d">AEU</subfield>
      </datafield>
      <datafield ind1="0" ind2="4" tag="050">
         <subfield code="a">RT81.5</subfield>
         <subfield code="b">.N87 2015eb</subfield>
      </datafield>
      <datafield ind1="1" ind2="0" tag="060">
         <subfield code="a">WY 20.5</subfield>
      </datafield>
      <datafield ind1="0" ind2="4" tag="082">
         <subfield code="a">610.73072</subfield>
         <subfield code="2">23</subfield>
      </datafield>
      <datafield ind1=" " ind2=" " tag="090">
         <subfield code="a">Internet Access</subfield>
         <subfield code="b">AEGMCT</subfield>
      </datafield>
      <datafield ind1="0" ind2="0" tag="245">
         <subfield code="a">Nursing research using grounded theory :</subfield>
         <subfield code="b">qualitative designs and methods in nursing /</subfield>
         <subfield code="c">Mary de Chesnay, editor.</subfield>
      </datafield>
      <datafield ind1=" " ind2="1" tag="264">
         <subfield code="a">New York, NY :</subfield>
         <subfield code="b">Springer Publishing Company, LLC,</subfield>
         <subfield code="c">[2015]</subfield>
      </datafield>
      <datafield ind1=" " ind2=" " tag="300">
         <subfield code="a">1 online resource (xxii, 262 pages)</subfield>
      </datafield>
      <datafield ind1=" " ind2=" " tag="336">
         <subfield code="a">text</subfield>
         <subfield code="b">txt</subfield>
         <subfield code="2">rdacontent</subfield>
         <subfield code="0">http://id.loc.gov/vocabulary/contentTypes/txt</subfield>
      </datafield>
      <datafield ind1=" " ind2=" " tag="337">
         <subfield code="a">computer</subfield>
         <subfield code="b">c</subfield>
         <subfield code="2">rdamedia</subfield>
         <subfield code="0">http://id.loc.gov/vocabulary/mediaTypes/c</subfield>
      </datafield>
      <datafield ind1=" " ind2=" " tag="338">
         <subfield code="a">online resource</subfield>
         <subfield code="b">cr</subfield>
         <subfield code="2">rdacarrier</subfield>
         <subfield code="0">http://id.loc.gov/vocabulary/carriers/cr</subfield>
      </datafield>
      <datafield ind1=" " ind2=" " tag="504">
         <subfield code="a">Includes bibliographical references and index.</subfield>
      </datafield>
      <datafield ind1=" " ind2=" " tag="506">
         <subfield code="a">Access restricted to authorized users and institutions.</subfield>
      </datafield>
      <datafield ind1=" " ind2=" " tag="588">
         <subfield code="a">Description based on print version record.</subfield>
      </datafield>
      <datafield ind1=" " ind2=" " tag="596">
         <subfield code="a">57</subfield>
      </datafield>
      <datafield ind1=" " ind2="0" tag="650">
         <subfield code="a">Nursing</subfield>
         <subfield code="x">Research</subfield>
         <subfield code="x">Methodology.</subfield>
         <subfield code="0">http://id.loc.gov/authorities/subjects/sh2008108535</subfield>
      </datafield>
      <datafield ind1="1" ind2="2" tag="650">
         <subfield code="a">Nursing Research</subfield>
         <subfield code="v">methods.</subfield>
         <subfield code="0">http://id.nlm.nih.gov/mesh/D015399Q000379</subfield>
      </datafield>
      <datafield ind1="2" ind2="2" tag="650">
         <subfield code="a">Nursing Theory.</subfield>
         <subfield code="0">http://id.nlm.nih.gov/mesh/D009742</subfield>
      </datafield>
      <datafield ind1="2" ind2="2" tag="650">
         <subfield code="a">Qualitative Research.</subfield>
         <subfield code="0">http://id.nlm.nih.gov/mesh/D036301</subfield>
      </datafield>
      <datafield ind1="2" ind2="2" tag="650">
         <subfield code="a">Research Design.</subfield>
         <subfield code="0">http://id.nlm.nih.gov/mesh/D012107</subfield>
      </datafield>
      <datafield ind1="1" ind2=" " tag="700">
         <subfield code="a">De Chesnay, Mary,</subfield>
         <subfield code="e">editor.</subfield>
         <subfield code="0">http://id.loc.gov/authorities/names/n2004120319</subfield>
         <subfield code="0">http://viaf.org/viaf/274244052</subfield>
      </datafield>
      <datafield ind1=" " ind2=" " tag="758">
         <subfield code="0">http://worldcat.org/entity/work/id/3859680190</subfield>
      </datafield>
      <datafield ind1="0" ind2=" " tag="787">
         <subfield code="n">OCLC Work Id</subfield>
         <subfield code="o">http://worldcat.org/entity/work/id/3859680190</subfield>
      </datafield>
      <datafield ind1="4" ind2="0" tag="856">
         <subfield code="3">MacEwan University Access</subfield>
         <subfield code="u">http://lib.myilibrary.com/detail.asp?ID=630074</subfield>
         <subfield code="z">(Single User Access)</subfield>
         <subfield code="z">from MyiLibrary</subfield>
      </datafield>
      <datafield ind1=" " ind2=" " tag="949">
         <subfield code="h">UAIN</subfield>
         <subfield code="m">GR_MAC_INT</subfield>
         <subfield code="z">MILGMPSA</subfield>
      </datafield>
      <datafield ind1=" " ind2=" " tag="926">
         <subfield code="a">Internet Access</subfield>
         <subfield code="w">ORDER</subfield>
         <subfield code="c">1</subfield>
         <subfield code="i">6710623-1001</subfield>
         <subfield code="l">INTERNET</subfield>
         <subfield code="m">GR_MAC_INT</subfield>
         <subfield code="r">Y</subfield>
         <subfield code="s">Y</subfield>
         <subfield code="t">E-RESOURCE</subfield>
         <subfield code="u">10/21/2014</subfield>
         <subfield code="x">E-BOOK</subfield>
         <subfield code="z">MILGMPSA</subfield>
      </datafield>
   </record>
</collection>
